<record><leader>00000cas a2200000 a 4500</leader><controlfield tag="001">79477598</controlfield><controlfield tag="008">070122d1864186uiluwr ne      0   a0eng c</controlfield><datafield ind1=" " ind2=" " tag="010"><subfield code="a">sn2007061003</subfield></datafield><datafield ind1=" " ind2=" " tag="040"><subfield code="a">NVF</subfield><subfield code="b">eng</subfield><subfield code="c">NVF</subfield><subfield code="d">NVF</subfield><subfield code="d">UKMGB</subfield><subfield code="d">OCLCQ</subfield><subfield code="d">OCLCF</subfield><subfield code="d">OCLCO</subfield><subfield code="d">NVF</subfield></datafield><datafield ind1="7" ind2=" " tag="016"><subfield code="a">013917269</subfield><subfield code="2">Uk</subfield></datafield><datafield ind1=" " ind2=" " tag="042"><subfield code="a">pcc</subfield></datafield><datafield ind1=" " ind2=" " tag="043"><subfield code="a">n-us-il</subfield></datafield><datafield ind1="0" ind2=" " tag="130"><subfield code="a">Star of the West (Sparta, Ill.)</subfield></datafield><datafield ind1="1" ind2="0" tag="245"><subfield code="a">Star of the West.</subfield></datafield><datafield ind1=" " ind2=" " tag="260"><subfield code="a">Sparta, Ill. :</subfield><subfield code="b">Armour &amp; Clemens,</subfield><subfield code="c">1864-[186-?]</subfield></datafield><datafield ind1=" " ind2=" " tag="300"><subfield code="a">volumes</subfield></datafield><datafield ind1=" " ind2=" " tag="310"><subfield code="a">Weekly</subfield></datafield><datafield ind1="0" ind2=" " tag="362"><subfield code="a">Vol. 1, no. 1 (Apr. 16, 1864)-</subfield></datafield><datafield ind1=" " ind2=" " tag="588"><subfield code="a">Latest issue consulted: Vol. 1, no. 29 (Oct. 29, 1864).</subfield></datafield><datafield ind1=" " ind2="0" tag="651"><subfield code="a">Sparta (Ill.)</subfield><subfield code="v">Newspapers.</subfield></datafield><datafield ind1=" " ind2="7" tag="651"><subfield code="a">Illinois</subfield><subfield code="z">Sparta.</subfield><subfield code="2">fast</subfield><subfield code="0">(OCoLC)fst01219151</subfield></datafield><datafield ind1=" " ind2="7" tag="655"><subfield code="a">Newspapers.</subfield><subfield code="2">fast</subfield><subfield code="0">(OCoLC)fst01423814</subfield></datafield><datafield ind1=" " ind2=" " tag="752"><subfield code="a">United States</subfield><subfield code="b">Illinois</subfield><subfield code="c">Randolph County</subfield><subfield code="d">Sparta.</subfield></datafield><datafield ind1="0" ind2="0" tag="785"><subfield code="t">Randolph plaindealer</subfield></datafield><datafield ind1="1" ind2=" " tag="029"><subfield code="a">AU@</subfield><subfield code="b">000041207990</subfield></datafield></record>